[gd_scene load_steps=10 format=2]

[ext_resource path="res://Tileset/Assets/tileset.png" type="Texture" id=1]
[ext_resource path="res://Tileset/Assets/tileset2.png" type="Texture" id=2]

[sub_resource type="RectangleShape2D" id=1]
extents = Vector2( 8.00508, 0.989166 )

[sub_resource type="RectangleShape2D" id=2]
extents = Vector2( 1.96843, 8.02637 )

[sub_resource type="RectangleShape2D" id=3]
extents = Vector2( 8.07022, 1.9715 )

[sub_resource type="RectangleShape2D" id=4]
extents = Vector2( 2.03499, 8.01888 )

[sub_resource type="RectangleShape2D" id=5]
extents = Vector2( 23.6785, 67.3324 )

[sub_resource type="RectangleShape2D" id=6]
extents = Vector2( 31.7388, 23.6007 )

[sub_resource type="SegmentShape2D" id=7]
b = Vector2( 184.234, -0.20726 )

[node name="Tileset (mappa)" type="Node"]

[node name="cemento" type="Sprite" parent="."]
position = Vector2( 143.539, 95.8097 )
texture = ExtResource( 1 )
region_enabled = true
region_rect = Rect2( 1, 409, 16, 16 )

[node name="sabbia" type="Sprite" parent="."]
position = Vector2( 163.266, 95.8097 )
texture = ExtResource( 1 )
region_enabled = true
region_rect = Rect2( 1, 1, 16, 16 )

[node name="mare" type="Sprite" parent="."]
position = Vector2( 183.769, 96.2757 )
texture = ExtResource( 1 )
region_enabled = true
region_rect = Rect2( 171, 120, 16, 16 )

[node name="mare2" type="Sprite" parent="."]
position = Vector2( 202.778, 96.6344 )
texture = ExtResource( 1 )
region_enabled = true
region_rect = Rect2( 188, 120, 16, 16 )

[node name="StaticBody2D" type="StaticBody2D" parent="mare2"]

[node name="CollisionShape2D" type="CollisionShape2D" parent="mare2/StaticBody2D"]
position = Vector2( 0.0921478, -8.95318 )
shape = SubResource( 1 )

[node name="mare3" type="Sprite" parent="."]
position = Vector2( 222.505, 96.6344 )
texture = ExtResource( 1 )
region_enabled = true
region_rect = Rect2( 205, 120, 17, 16 )

[node name="mare4" type="Sprite" parent="."]
position = Vector2( 222.863, 115.285 )
texture = ExtResource( 1 )
region_enabled = true
region_rect = Rect2( 205, 137, 16, 16 )

[node name="StaticBody2D" type="StaticBody2D" parent="mare4"]

[node name="CollisionShape2D" type="CollisionShape2D" parent="mare4/StaticBody2D"]
position = Vector2( -2.06659, -0.026947 )
shape = SubResource( 2 )

[node name="mare5" type="Sprite" parent="."]
position = Vector2( 222.505, 133.935 )
texture = ExtResource( 1 )
region_enabled = true
region_rect = Rect2( 205, 154, 17, 16 )

[node name="mare6" type="Sprite" parent="."]
position = Vector2( 203.496, 134.653 )
texture = ExtResource( 1 )
region_enabled = true
region_rect = Rect2( 188, 154, 16, 16 )

[node name="StaticBody2D" type="StaticBody2D" parent="mare6"]

[node name="CollisionShape2D" type="CollisionShape2D" parent="mare6/StaticBody2D"]
position = Vector2( 0, -6.09082 )
shape = SubResource( 3 )

[node name="mare7" type="Sprite" parent="."]
position = Vector2( 183.41, 134.653 )
texture = ExtResource( 1 )
region_enabled = true
region_rect = Rect2( 171, 154, 16, 16 )

[node name="mare8" type="Sprite" parent="."]
position = Vector2( 183.769, 115.285 )
texture = ExtResource( 1 )
region_enabled = true
region_rect = Rect2( 171, 137, 16, 16 )

[node name="StaticBody2D" type="StaticBody2D" parent="mare8"]

[node name="CollisionShape2D" type="CollisionShape2D" parent="mare8/StaticBody2D"]
position = Vector2( 5.96092, -0.00933075 )
shape = SubResource( 4 )

[node name="spiaggia" type="Sprite" parent="."]
position = Vector2( 203.496, 115.285 )
texture = ExtResource( 1 )
region_enabled = true
region_rect = Rect2( 188, 137, 16, 16 )

[node name="cascata" type="Sprite" parent="."]
position = Vector2( 244.036, 97.5774 )
texture = ExtResource( 1 )
region_enabled = true
region_rect = Rect2( 205, 239, 16, 16 )

[node name="cascata2" type="Sprite" parent="."]
position = Vector2( 244.036, 116.683 )
texture = ExtResource( 1 )
region_enabled = true
region_rect = Rect2( 205, 256, 16, 16 )

[node name="Mart" type="Sprite" parent="."]
position = Vector2( 309.007, 96.4037 )
texture = ExtResource( 2 )
region_enabled = true
region_rect = Rect2( 851, 1104, 75, 96 )
__meta__ = {
"_edit_group_": true
}

[node name="StaticBody2D" type="StaticBody2D" parent="Mart"]

[node name="CollisionShape2D" type="CollisionShape2D" parent="Mart/StaticBody2D"]
position = Vector2( -2.36087, -12.312 )
shape = SubResource( 5 )
one_way_collision = true

[node name="Hotel" type="Sprite" parent="."]
position = Vector2( 861.775, 203.023 )
texture = ExtResource( 2 )
region_enabled = true
region_rect = Rect2( 319, 1966, 112, 352 )

[node name="StaticBody2D" type="StaticBody2D" parent="Hotel"]

[node name="CollisionShape2D" type="CollisionShape2D" parent="Hotel/StaticBody2D"]
position = Vector2( -31.5645, 1.08051 )
scale = Vector2( 0.88, 0.681769 )
shape = SubResource( 5 )

[node name="CollisionShape2D2" type="CollisionShape2D" parent="Hotel/StaticBody2D"]
position = Vector2( 31.68, 0.371185 )
scale = Vector2( 0.88, 0.681769 )
shape = SubResource( 5 )

[node name="casa" type="Sprite" parent="."]
position = Vector2( 101.325, 320.919 )
texture = ExtResource( 2 )
region_enabled = true
region_rect = Rect2( 860, 1245, 99, 109 )
__meta__ = {
"_edit_group_": true
}

[node name="StaticBody2D" type="StaticBody2D" parent="casa"]

[node name="CollisionShape2D" type="CollisionShape2D" parent="casa/StaticBody2D"]
position = Vector2( -5.47762, -19.1689 )
shape = SubResource( 5 )
one_way_collision = true

[node name="casa2" type="Sprite" parent="."]
position = Vector2( 202.308, 320.296 )
texture = ExtResource( 2 )
region_enabled = true
region_rect = Rect2( 548, 1244, 81, 112 )

[node name="StaticBody2D" type="StaticBody2D" parent="casa2"]

[node name="CollisionShape2D" type="CollisionShape2D" parent="casa2/StaticBody2D"]
position = Vector2( -5.21283, -17.7237 )
shape = SubResource( 6 )
one_way_collision = true

[node name="casa3" type="Sprite" parent="."]
position = Vector2( 294.466, 321.832 )
texture = ExtResource( 2 )
region_enabled = true
region_rect = Rect2( 1232, 1386, 64, 86 )

[node name="StaticBody2D" type="StaticBody2D" parent="casa3"]

[node name="CollisionShape2D" type="CollisionShape2D" parent="casa3/StaticBody2D"]
position = Vector2( 0.163055, -3.90003 )
shape = SubResource( 6 )
one_way_collision = true

[node name="ponte" type="Sprite" parent="."]
position = Vector2( 570.296, 141.28 )
texture = ExtResource( 2 )
region_enabled = true
region_rect = Rect2( 11, 1024, 269, 144 )

[node name="StaticBody2D" type="StaticBody2D" parent="ponte"]

[node name="CollisionShape2D" type="CollisionShape2D" parent="ponte/StaticBody2D"]
position = Vector2( -94.3556, 28.3779 )
shape = SubResource( 7 )

[node name="pavimento" type="Sprite" parent="."]
position = Vector2( 95.3677, 112.974 )
texture = ExtResource( 2 )
region_enabled = true
region_rect = Rect2( 640, 240, 16, 16 )

[node name="pavimento2" type="Sprite" parent="."]
position = Vector2( 114.193, 112.974 )
texture = ExtResource( 2 )
region_enabled = true
region_rect = Rect2( 656, 240, 16, 16 )

[node name="pavimento3" type="Sprite" parent="."]
position = Vector2( 133.019, 112.974 )
texture = ExtResource( 2 )
region_enabled = true
region_rect = Rect2( 672, 240, 16, 16 )

[node name="pavimento4" type="Sprite" parent="."]
position = Vector2( 95.9214, 130.692 )
texture = ExtResource( 2 )
region_enabled = true
region_rect = Rect2( 640, 256, 16, 16 )

[node name="pavimento5" type="Sprite" parent="."]
position = Vector2( 114.193, 130.692 )
texture = ExtResource( 2 )
region_enabled = true
region_rect = Rect2( 656, 256, 16, 16 )

[node name="pavimento6" type="Sprite" parent="."]
position = Vector2( 133.019, 130.692 )
texture = ExtResource( 2 )
region_enabled = true
region_rect = Rect2( 672, 256, 16, 16 )

[node name="pavimento7" type="Sprite" parent="."]
position = Vector2( 96.9781, 148.329 )
texture = ExtResource( 2 )
region_enabled = true
region_rect = Rect2( 640, 272, 16, 16 )

[node name="pavimento8" type="Sprite" parent="."]
position = Vector2( 114.615, 147.946 )
texture = ExtResource( 2 )
region_enabled = true
region_rect = Rect2( 656, 272, 16, 16 )

[node name="pavimento9" type="Sprite" parent="."]
position = Vector2( 133.019, 147.562 )
texture = ExtResource( 2 )
region_enabled = true
region_rect = Rect2( 672, 272, 16, 16 )

[node name="scale" type="Sprite" parent="."]
position = Vector2( 54.8029, 109.988 )
texture = ExtResource( 2 )
region_enabled = true
region_rect = Rect2( 304, 1021, 32, 22 )

[node name="ponte2" type="Sprite" parent="."]
position = Vector2( 434.184, 339.614 )
texture = ExtResource( 2 )
region_enabled = true
region_rect = Rect2( 562, 896, 45, 47 )

[node name="mare9" type="Sprite" parent="."]
position = Vector2( 605.526, 348.544 )
texture = ExtResource( 1 )
region_enabled = true
region_rect = Rect2( 171, 188, 16, 16 )

[node name="pav_1" type="Sprite" parent="."]
position = Vector2( 709.398, 334.249 )
texture = ExtResource( 2 )
region_enabled = true
region_rect = Rect2( 592, 240, 16, 16 )

[node name="pav_2" type="Sprite" parent="."]
position = Vector2( 684.621, 331.391 )
texture = ExtResource( 2 )
region_enabled = true
region_rect = Rect2( 608, 240, 16, 16 )

[node name="pav_3" type="Sprite" parent="."]
position = Vector2( 655.556, 332.82 )
texture = ExtResource( 2 )
region_enabled = true
region_rect = Rect2( 624, 240, 16, 16 )

[node name="pav_4" type="Sprite" parent="."]
position = Vector2( 652.221, 355.691 )
texture = ExtResource( 2 )
region_enabled = true
region_rect = Rect2( 592, 256, 16, 16 )

[node name="pav_5" type="Sprite" parent="."]
position = Vector2( 687.957, 355.691 )
texture = ExtResource( 2 )
region_enabled = true
region_rect = Rect2( 608, 256, 16, 16 )

[node name="pav_6" type="Sprite" parent="."]
position = Vector2( 704.633, 355.691 )
texture = ExtResource( 2 )
region_enabled = true
region_rect = Rect2( 624, 256, 16, 16 )

[node name="pav_7" type="Sprite" parent="."]
position = Vector2( 659.844, 378.562 )
texture = ExtResource( 2 )
region_enabled = true
region_rect = Rect2( 592, 272, 16, 16 )

[node name="pav_8" type="Sprite" parent="."]
position = Vector2( 685.098, 378.086 )
texture = ExtResource( 2 )
region_enabled = true
region_rect = Rect2( 608, 272, 16, 16 )

[node name="pav_9" type="Sprite" parent="."]
position = Vector2( 707.016, 377.133 )
texture = ExtResource( 2 )
region_enabled = true
region_rect = Rect2( 624, 272, 16, 16 )

[node name="albero" type="Sprite" parent="."]
position = Vector2( 819.065, 357.291 )
texture = ExtResource( 2 )
region_enabled = true
region_rect = Rect2( 1456, -0.0966232, 48, 56.2183 )

[node name="albero2" type="Sprite" parent="."]
position = Vector2( 890.263, 357.291 )
texture = ExtResource( 2 )
region_enabled = true
region_rect = Rect2( 1504, -0.0966232, 48, 56.2183 )

[node name="albero3" type="Sprite" parent="."]
position = Vector2( 953.29, 357.291 )
texture = ExtResource( 2 )
region_enabled = true
region_rect = Rect2( 1552, -0.0966232, 48, 56.2183 )

[node name="erba_1" type="Sprite" parent="."]
position = Vector2( 960.135, 469.37 )
texture = ExtResource( 2 )
region_enabled = true
region_rect = Rect2( 208, 240, 16, 16 )

[node name="erba_2" type="Sprite" parent="."]
position = Vector2( 960.135, 469.37 )
texture = ExtResource( 2 )
region_enabled = true
region_rect = Rect2( 224, 240, 16, 16 )

[node name="erba_3" type="Sprite" parent="."]
position = Vector2( 960.135, 469.37 )
texture = ExtResource( 2 )
region_enabled = true
region_rect = Rect2( 240, 240, 16, 16 )

[node name="erba_4" type="Sprite" parent="."]
position = Vector2( 960.135, 469.37 )
texture = ExtResource( 2 )
region_enabled = true
region_rect = Rect2( 208, 256, 16, 16 )

[node name="erba_5" type="Sprite" parent="."]
position = Vector2( 960.135, 469.37 )
texture = ExtResource( 2 )
region_enabled = true
region_rect = Rect2( 224, 256, 16, 16 )

[node name="erba_6" type="Sprite" parent="."]
position = Vector2( 960.135, 469.37 )
texture = ExtResource( 2 )
region_enabled = true
region_rect = Rect2( 240, 256, 16, 16 )

[node name="erba_7" type="Sprite" parent="."]
position = Vector2( 960.135, 469.37 )
texture = ExtResource( 2 )
region_enabled = true
region_rect = Rect2( 208, 272, 16, 16 )

[node name="erba_8" type="Sprite" parent="."]
position = Vector2( 960.135, 469.37 )
texture = ExtResource( 2 )
region_enabled = true
region_rect = Rect2( 224, 272, 16, 16 )

[node name="erba_9" type="Sprite" parent="."]
position = Vector2( 960.135, 469.37 )
texture = ExtResource( 2 )
region_enabled = true
region_rect = Rect2( 240, 272, 16, 16 )

[node name="lago_1" type="Sprite" parent="."]
position = Vector2( 960.135, 469.37 )
texture = ExtResource( 2 )
region_enabled = true
region_rect = Rect2( 720, 400, 16, 16 )

[node name="lago_2" type="Sprite" parent="."]
position = Vector2( 960.135, 469.37 )
texture = ExtResource( 2 )
region_enabled = true
region_rect = Rect2( 736, 400, 16, 16 )

[node name="lago_3" type="Sprite" parent="."]
position = Vector2( 960.135, 469.37 )
texture = ExtResource( 2 )
region_enabled = true
region_rect = Rect2( 752, 400, 16, 16 )

[node name="lago_4" type="Sprite" parent="."]
position = Vector2( 960.135, 469.37 )
texture = ExtResource( 2 )
region_enabled = true
region_rect = Rect2( 720, 416, 16, 16 )

[node name="lago_5" type="Sprite" parent="."]
position = Vector2( 960.135, 469.37 )
texture = ExtResource( 2 )
region_enabled = true
region_rect = Rect2( 736, 416, 16, 16 )

[node name="lago_6" type="Sprite" parent="."]
position = Vector2( 960.135, 469.37 )
texture = ExtResource( 2 )
region_enabled = true
region_rect = Rect2( 752, 416, 16, 16 )

[node name="lago_7" type="Sprite" parent="."]
position = Vector2( 960.135, 469.37 )
texture = ExtResource( 2 )
region_enabled = true
region_rect = Rect2( 720, 432, 16, 16 )

[node name="lago_8" type="Sprite" parent="."]
position = Vector2( 960.135, 469.37 )
texture = ExtResource( 2 )
region_enabled = true
region_rect = Rect2( 736, 432, 16, 16 )

[node name="lago_9" type="Sprite" parent="."]
position = Vector2( 960.135, 469.37 )
texture = ExtResource( 2 )
region_enabled = true
region_rect = Rect2( 752, 432, 16, 16 )

[node name="panchina" type="Sprite" parent="."]
position = Vector2( 651.276, 495.892 )
texture = ExtResource( 2 )
region_enabled = true
region_rect = Rect2( 1376, 1040, 16, 32 )

[node name="cespuglio" type="Sprite" parent="."]
position = Vector2( 650.485, 522.787 )
texture = ExtResource( 2 )
region_enabled = true
region_rect = Rect2( 48, 320, 16, 16 )

[node name="palco" type="Sprite" parent="."]
position = Vector2( 650.485, 522.787 )
texture = ExtResource( 2 )
region_enabled = true
region_rect = Rect2( 1252, 1552, 80, 96 )

[node name="albero4" type="Sprite" parent="."]
position = Vector2( 405.752, 521.396 )
texture = ExtResource( 2 )
region_enabled = true
region_rect = Rect2( 1169, 67, 64, 64 )
